<?xml version="1.0" encoding="UTF-8"?><collection xmlns="http://www.loc.gov/MARC21/slim"><record><leader>00476nam--2200181-i-4500</leader><controlfield tag="001">000045857</controlfield><controlfield tag="002">20161230</controlfield><controlfield tag="005">20161230201045</controlfield><controlfield tag="008">060222s1000------------r-----000-0-eng-d</controlfield><datafield ind1=" " ind2=" " tag="040"><subfield code="a">IFIN-HH</subfield></datafield><datafield ind1=" " ind2=" " tag="080"><subfield code="a">531:52(081)</subfield></datafield><datafield ind1="1" ind2=" " tag="100"><subfield code="a">Valcovici, Victor</subfield></datafield><datafield ind1="1" ind2="0" tag="245"><subfield code="a">Opere</subfield><subfield code="c">Victor Valcovici</subfield></datafield><datafield ind1=" " ind2=" " tag="260"><subfield code="a">Bucuresti, Ed.Acad.R.S.R., 1969</subfield></datafield><datafield ind1=" " ind2=" " tag="300"><subfield code="a">2 vol</subfield></datafield><datafield ind1="0" ind2=" " tag="505"><subfield code="a">Vol.2: Mecanica Fluidelor Si Teoria Elasticitatii</subfield></datafield><datafield ind1=" " ind2=" " tag="852"><subfield code="a">34016</subfield><subfield code="c">531</subfield></datafield><datafield ind1=" " ind2=" " tag="CAT"><subfield code="a">Sys</subfield><subfield code="c">20100624</subfield><subfield code="h">091012</subfield></datafield></record></collection>